<record><leader>00000cas a22000007a 4500</leader><controlfield tag="001">14184353</controlfield><controlfield tag="008">860905d18uu1851pauwr ne      0    0eng d</controlfield><datafield ind1=" " ind2=" " tag="010"><subfield code="a">sn 86053676 </subfield></datafield><datafield ind1=" " ind2=" " tag="040"><subfield code="a">NPX</subfield><subfield code="b">eng</subfield><subfield code="c">NPX</subfield><subfield code="d">DLC</subfield><subfield code="d">OCLCQ</subfield></datafield><datafield ind1=" " ind2=" " tag="042"><subfield code="a">msc</subfield></datafield><datafield ind1="0" ind2="0" tag="050"><subfield code="a">Newspaper 9464</subfield></datafield><datafield ind1="0" ind2="0" tag="245"><subfield code="a">Lancaster union and tribune.</subfield></datafield><datafield ind1="1" ind2="3" tag="246"><subfield code="a">Union and tribune</subfield></datafield><datafield ind1=" " ind2=" " tag="260"><subfield code="a">Lancaster, Pa. :</subfield><subfield code="b">R.W. Middleton</subfield></datafield><datafield ind1=" " ind2=" " tag="300"><subfield code="a">v. :</subfield><subfield code="b">ill. (chiefly advertisements) ;</subfield><subfield code="c">61 cm.</subfield></datafield><datafield ind1=" " ind2=" " tag="310"><subfield code="a">Weekly</subfield></datafield><datafield ind1="1" ind2=" " tag="362"><subfield code="a">Ceased in Nov. 1851.</subfield></datafield><datafield ind1=" " ind2=" " tag="500"><subfield code="a">Editor: George W. Hamersly, &lt;1850&gt;.</subfield></datafield><datafield ind1=" " ind2=" " tag="588"><subfield code="a">Description based on: Vol. 13, no. 40 (Jan. 5, 1847).</subfield></datafield><datafield ind1=" " ind2=" " tag="752"><subfield code="a">United States</subfield><subfield code="b">Pennsylvania</subfield><subfield code="c">Lancaster</subfield><subfield code="d">Lancaster.</subfield></datafield><datafield ind1="0" ind2="4" tag="780"><subfield code="t">Union and Republican sentinel</subfield><subfield code="w">(DLC)sn 83025963</subfield></datafield><datafield ind1="0" ind2="4" tag="780"><subfield code="t">Tribune and public advertiser</subfield><subfield code="w">(DLC)sn 86071881</subfield></datafield><datafield ind1="0" ind2="7" tag="785"><subfield code="t">Independent Whig (Lancaster, Pa.)</subfield></datafield><datafield ind1="0" ind2="7" tag="785"><subfield code="t">Independent Whig and Lancaster union and tribune</subfield><subfield code="w">(DLC)sn 83032302</subfield></datafield><datafield ind1="1" ind2=" " tag="029"><subfield code="a">AU@</subfield><subfield code="b">000025793775</subfield></datafield></record>